2656 4648
447 235 694 335 Ἧι*
882 149 886 156 ¹
1034 255 1078 326 as

527 405 617 494 Vll.

26 581 28 660 ς
130 551 374 660 Batti-sero,
400 552 606 670 praeclaro
623 553 832 642 Societatis
847 545 935 642 lesu
949 548 1071 640 Pres-

25 711 27 788 ;
80 669 248 785 hyram,
282 671 585 787 Brunsbergae,
613 671 853 758 nobiliffima
869 665 1063 758 Varmiae

77 791 266 901 civitate²
293 781 398 874 nasci
414 793 598 904 contigit.
647 787 800 876 Romae
813 785 1062 874 humaniori·

77 904 156 992 bus
175 903 325 1005 litteris
348 931 517 1020 operam
540 895 670 1008 dedit,
709 905 848 1016 ibique
871 903 1062 994 Societati

21 1075 23 1118 r
80 1015 164 1106 lefu
183 1015 422 1106 sedevovit.
443 1020 542 1107 lude
551 1021 756 1108 Viennam
769 1021 959 1110 Aullriae
973 1013 1061 1126 mif-

79 1134 160 1243 sus,
177 1135 412 1224 studiorum
425 1137 679 1236 curriculum
693 1132 882 1225 confecit.
911 1136 1061 1242 Revera

81 1249 144 1340 fus
157 1306 163 1316 =
178 1253 486 1367 Brunsberg'am
520 1281 686 1368 graecas
723 1253 876 1343 litteras
906 1250 1061 1340 docuit.

80 1363 323 1458 Pofnaniam·
332 1369 567 1484 translatus,
592 1371 845 1484 quaestiones
859 1365 1060 1455 consciens

77 1485 1059 1600 tiae,atqueeas,quaeabHeterodoxisiucontro·

79 1602 248 1694 verfiam
262 1600 409 1694 douae
424 1597 534 1717 funt,
560 1602 684 1708 bene,
712 1601 1002 1715 accurateque,
1017 1624 1060 1693 et

79 1713 278 1805 subtiliter
293 1719 501 1833 explicuit.
543 1717 704 1806 Deinde
721 1717 953 1830 theologiae
975 1718 1058 1806 Do·

76 1833 164 1920 flor
172 1838 216 1919 in
224 1833 641 1922 VilnenfiAcademia
656 1861 815 1922 creatus
824 1835 891 1920 est.
908 1833 1059 1926 Eidem

74 1947 225 2068 licitos
239 1947 429 2064 praefuit.
478 1951 715 2066 Collegium
729 1945 1057 2062 Brunsbergenfe
1159 2003 1163 2021 .

73 2069 134 2156 bis
148 2071 270 2153 rexit.
327 2067 537 2155 Praeterea
559 2069 777 2184 Praepofiti
795 2065 1056 2154 Provincialis

75 2190 208 2274 vicem
239 2188 522 2300 quinquennio
551 2181 766 2300 supplevit.
831 2183 903 2272 Ad
924 2208 1055 2270 extre·

73 2329 191 2392 mum
206 2300 487 2388 Stotsuuuuo'
501 2299 565 2388 l'll.
615 2301 896 2391 rudentiisuno
911 2326 951 2386 et
967 2299 1055 2385 reli-

72 2417 292 2530 giofiffimo
302 2418 426 2532 Regi,
447 2415 565 2504 icon
584 2420 800 2506 effionibus
815 2413 907 2532 fuit,
930 2441 971 2502 et
985 2443 1054 2532 pe·

72 2560 122 2619 ne
143 2532 678 2648 omniumrexpeditionum
704 2533 882 2622 affiduus
903 2559 1054 2620 comes

74 2647 233 2766 ltaque,
250 2677 347 2736 cum
363 2649 414 2736 ad
430 2648 712 2741 Smolenscum
727 2651 937 2738 Germano
952 2648 1054 2734 mili-

75 2772 122 2879 ti,
142 2761 374 2878 contagiosa
389 2763 494 2854 febri
509 2765 677 2882 affefilo,
693 2785 836 2879 omne,
855 2763 968 2878 quod
981 2790 1054 2878 po·

71 2899 186 2998 te'rat,
201 2883 404 2968 auxilium
417 2877 563 2996 ferret,
580 2881 729 2968 eodem
742 2904 957 2996 correptus
972 2905 1055 2966 ma·

70 2996 130 3114 lo,
160 3003 203 3084 in
227 2999 363 3086 castris
387 3001 510 3113 regiis
533 3001 730 3101 occubuit
743 2997 964 3086 undecimo
979 2997 1053 3084 Ka·
1136 3008 1139 3014 '

69 3113 208 3202 lendes
224 3110 505 3203 Novembreis
520 3115 733 3230 MDCIX,
749 3143 848 3204 cum
862 3108 1072 3228 ferragefi·¹

67 3259 189 3320 mum
206 3226 445 3320 aetatisfuae
460 3259 615 3320 annum
631 3231 828 3350 ingreffus
844 3229 949 3317 effer.
972 3229 1053 3317 Fu·

66 3351 98 3436 it
115 3349 221 3463 Regi
236 3351 437 3462 inprimis
452 3375 588 3463 carus,
608 3345 1052 3463 acRegni'Proceribus
1093 3371 1095 3377 ·
1306 3421 1307 3424 a

66 3471 249 3553 maxime
262 3490 472 3579 aceeptus:
493 3470 623 3553 immo
639 3471 761 3552 etiam
772 3459 1052 3552 Heterodoxis
1170 3474 1173 3489 '
1301 3513 1306 3619 Ι

66 3583 170 3670 mire
185 3579 436 3696 conciliatus,
454 3607 559 3696 quos
573 3577 807 3670 suavissimis
821 3577 1052 3668 mitiffimis·

62 3723 146 3811 que
169 3693 254 3786 fuis
277 3697 463 3785 moribus
487 3697 557 3790 fibi
583 3697 797 3814 devinxit„
821 3721 869 3782 ut
891 3689 1051 3780 facilius

59 3812 109 3904 ad
125 3815 335 3906 Ecclesiae
349 3814 553 3904 Romanae
567 3819 777 4004 ggemium
791 3809 1050 4000 perdueelgffet.

636 3958 664 4020 4
1024 3949 1047 3998 u
