2664 4650
598 279 929 396 onoma

336 454 474 576 ,privatae
494 451 579 504 cuivis
599 457 690 504 tantus
703 427 779 504 emor
799 450 852 510 rei,
871 455 902 504 ut
915 449 958 504 val
1022 451 1171 506 nicie‘l'uae
1187 453 1215 508 ar
1227 454 1264 508 ia-

367 537 410 574 ces
432 520 458 572 &
480 535 545 590 opes
567 530 697 588 quaerere
719 519 840 582 Patriae,
857 515 937 587 prosit
978 521 1064 574 ivibus
1084 523 1186 592 implie-
1219 521 1267 578 Nil

354 589 409 642 illis
432 587 552 648 Patriae,
571 589 609 640 nil
632 586 804 660 Reipublicae
822 603 936 653 usquam
956 591 1067 642 nomine
1087 591 1212 644 inanius:
1231 596 1267 646 ri-

356 658 468 728 derique
480 657 578 726 potest,
598 657 645 726 qui
666 665 812 718 memoret,
830 653 875 716 sua
889 669 938 724 pro
952 655 1038 710 Roma'
1056 659 1168 728 cupidos
1183 664 1267 724 mori,

248 763 256 784 ·
356 737 471 798 Brutos,
489 735 643 796 &Decios,
660 733 813 790 &Fabium
827 749 919 802 genus.
955 731 1024 788 Pom
1049 732 1213 792 elisacium
1234 735 1265 792 il·

357 820 424 896 lud,
444 820 575 904 quicum
596 818 743 889 eSicilir‚
764 815 917 876 annonam
932 815 1009 874 fame
1028 746 1179 876 laboranti
1200 817 1265 880 urbi

356 904 519 988 portando,
542 904 683 976 solveret,
709 921 832 986 eumque
852 901 967 960 insolita
989 901 1079 960 marie
1102 903 1265 980 tempestate

356 1002 472 1064 coorta,
493 989 707 1068 praesentissimi
726 1001 806 1048 metu
826 987 974 1062 naufragii
990 1007 1007 1046 a
1029 987 1127 1049 nautia
1143 1003 1265 1050 terrere·

266 1109 277 1134 ι
355 1089 422 1148 tur,
444 1093 531 1154 atque
544 1087 576 1135 ut
588 1075 729 1152 tantisper
741 1075 772 1133 in
785 1088 876 1155 portu
892 1071 1036 1145 haereret,
1056 1071 1267 1150 obsecraretur,

356 1162 520 1239 respondit:
539 1175 571 1219 ut
584 1168 741 1234 navigemus
750 1203 758 1229 ,
775 1173 854 1234 urget
867 1157 1003 1217 neceill'ms
1012 1159 1134 1231 Patriae3
1152 1175 1183 1220 ut
1196 1169 1256 1222 viva

321 1283 323 1288 ·
353 1267 435 1314 mue,
450 1269 505 1306 non
526 1251 624 1322 urgett'
645 1247 761 1340 hocque
776 1247 855 1307 diuo
879 1246 1007 1308 elittore
1024 1241 1127 1315 solvitt
1157 1249 1265 1312 fabium

265 1357 272 1376 ¹
356 1333 433 1405 hoc,
447 1334 591 1416 inquam,
612 1329 761 1418 l’o'rn'peii,
783 1351 844 1392 non
865 1347 927 1392 erat
947 1331 1005 1392 iam
1029 1331 1133 1392 nostrie
1154 1348 1263 1412 tempo·

357 1417 439 1480 ribot
465 1419 703 1497 praestolandum.
754 1418 851 1481 Obliti
870 1417 933 1479 iere
954 1417 1079 1491 fuimur,
1107 1435 1193 1482 nator
1213 1423 1263 1486 etit

260 1535 265 1546 ·
349 1505 412 1566 'nor
436 1505 466 1564 in
488 1503 660 1582 Republica:
689 1505 718 1564 ἁ
737 1485 954 1582 Κοωριώίἷεειη
974 1503 1083 1564 nullam
1103 1503 1180 1579 elle,
1208 1505 1263 1568 fine

357 1591 468 1658 Patriae
481 1609 597 1679 amorra
618 1591 669 1674 qui
684 1589 711 1650 ii'
721 1609 788 1666 erga
804 1608 867 1650 eam
883 1609 943 1648 non
962 1587 995 1650 fit
1010 1591 1041 1648 in
1056 1589 1178 1652 Civibur
1195 1593 1263 1654 libe·

356 1669 415 1750 rir;
437 1676 456 1736 ll
473 1694 518 1735 rer
534 1677 665 1752 privatae
678 1678 769 1752 magia
785 1674 868 1734 cordi
881 1677 965 1747 sunt,
982 1695 1087 1753 eatque
1101 1681 1261 1738 communi·

259 1754 268 1808 '²
355 1761 411 1823 bur
431 1747 580 1836 braeserri
606 1757 678 1821 libet
703 1759 884 1827 commodirt
920 1757 972 1822 tali
993 1763 1110 1839 quidem
1134 1761 1263 1825 libertati

355 1846 512 1930 praestabit
532 1845 649 1906 honesta
671 1848 803 1908 servitur.
855 1848 940 1924 Regia
962 1845 1019 1906 iam
1040 1846 1130 1908 nostri
1155 1852 1259 1926 cogita·

259 1959 277 1978 ··
355 1934 450 1995 tionet
469 1950 586 2006 omner,
608 1931 698 1995 {ludia
717 1933 816 1992 omnia
831 1952 890 2010 quo
909 1932 1073 2006 collimant,
1095 1931 1148 1992 nili
1164 1951 1197 1996 ut
1212 1935 1260 1996 bo·

261 2010 266 2023 '
355 2037 409 2077 nor
430 2019 534 2094 Cives,
570 2017 622 2078 nist
645 2033 677 2078 ut
699 2037 766 2091 eor,
795 2017 900 2094 quibua
922 2019 1052 2091 animur,
1086 2037 1146 2078 non
1166 2022 1261 2082 anima

281 2134 285 2143 ¹
354 2115 468 2164 tantum
489 2100 579 2175 inest,
608 2102 836 2174 adamandam,
864 2103 1065 2176 reficiendam,
1093 2105 1262 2168 iuvandam·

258 2201 265 2217 ¹
281 2205 284 2213 ’
354 2191 413 2268 qu'e
428 2187 550 2261 excitet,
571 2187 746 2261 exstimulat,
767 2187 829 2248 imo
844 2190 1040 2270 &perurgeat
1055 2191 1203 2252 Patriam!

399 2323 480 2387 Haec
501 2324 589 2399 Eiur,
609 2343 675 2386 rara
692 2323 833 2397 omnino,
855 2327 884 2385 ἀ
903 2327 1034 2397 summa,
1055 2329 1156 2388 omnia
1173 2327 1264 2388 animi
1322 2349 1323 2356 ¹

355 2422 546 2482 ornamenta,
563 2409 632 2472 haee
652 2429 726 2486 quae
747 2407 782 2470 de
803 2410 977 2472 restituenda
998 2412 1198 2496 firmandaque
1211 2417 1262 2474 Re·

354 2495 469 2574 p'ublica
485 2511 581 2556 mente
594 2489 689 2557 volvit
707 2495 843 2568 cortilia,
863 2497 974 2578 optime
995 2499 1109 2574 cognita
1127 2501 1213 2571 lunt,
1234 2502 1262 2560 ri:

353 2582 475 2644 remotis
495 2581 667 2664 quibusvir‚
687 2584 717 2644 ἅ
736 2583 853 2654 amicir,
874 2582 1090 2661 foederatirque
1110 2585 1260 2667 Reipubli-

355 2687 404 2729 cae
419 2667 618 2750 Principibus:
640 2683 829 2746 quatetanta
844 2688 910 2737 eum
928 2671 1068 2745 prosecuti
1088 2672 1153 2730 sunt
1166 2671 1261 2732 existi-

355 2755 485 2814 matione
500 2773 532 2814 rc
546 2751 767 2827 benevolentia,
789 2769 823 2814 ut
842 2773 945 2814 eorum
963 2755 992 2814 ἅ
1012 2755 1178 2832 ampliffima
1195 2775 1259 2832 gra-

355 2839 515 2922 tillimaque
535 2839 767 2912 commendatio,
788 2843 815 2900 ἁ
839 2841 961 2902 maxima
978 2839 1100 2902 firrrerae
1117 2859 1187 2918 erga
1209 2846 1261 2902 Re·
1321 2855 1322 2882 ³

354 2941 420 3000 gem
445 2926 574 2986 nostrum
600 2946 703 2988 eorum
725 2927 870 2988 amicitiae
894 2941 1081 3002 argumente,
1114 2929 1259 2988 neminem
1321 2977 1322 3002 ,

352 3010 412 3070 iam
428 3023 489 3070 tota
499 3013 613 3087 Europa
628 3013 743 3074 lateant.
786 3015 846 3072 lam
861 3011 910 3072 ista
920 3013 1060 3094 Principia
1076 3013 1178 3086 noliri,
1193 3034 1258 3074 cum
1321 3011 1322 3031 ¹

352 3109 412 3156 tam
436 3095 603 3176 potentibus
625 3098 735 3168 Vicinir
761 3097 928 3173 optatiilitua
949 3099 1140 3172 coniunctio,
1169 3119 1260 3178 quan·

351 3195 415 3240 tum
432 3179 504 3240 boni
523 3180 645 3242 allatura
660 3185 770 3258 semper
789 3183 828 3241 eli
843 3181 1046 3260 Reipublicae?
1088 3185 1141 3246 lita
1161 3189 1258 3264 profe·
1320 3237 1321 3242 ,

351 3264 399 3326 oto
417 3265 495 3342 apud
510 3269 623 3327 Externa
642 3281 739 3341 genter
760 3269 851 3328 nostri
868 3269 953 3343 Regia
974 3270 1149 3340 auetoritar,
1169 3271 1258 3340 fider,

350 3352 379 3411 a
401 3352 618 3434 praeclaritlima
645 3348 681 3414 cle
701 3373 737 3413 eo
758 3353 877 3426 opinio,
905 3373 965 3415 non
987 3358 1084 3416 minuc
1105 3358 1186 3432 genti
1207 3376 1257 3416 no·
1320 3375 1321 3380 ¹

348 3436 423 3498 strae
448 3439 617 3512 universae,
645 3457 677 3500 ac
698 3435 855 3516 gentilibus
878 3458 1020 3521 perquam
1040 3441 1203 3502 honorifica
1224 3441 1257 3501 lit

348 3537 477 3602 oportet.

388 3642 442 3701 Hit
464 3641 520 3700 iam
541 3641 634 3718 igitur
648 3642 834 3722 remugiit,
855 3637 1016 3718 religione,
1037 3643 1191 3719 sapientia,
1211 3643 1258 3704 iu-

348 3727 441 3800 ilitio,
463 3728 632 3800 clementia,
654 3728 852 3804 magnitudine
871 3727 979 3800 animi,
1000 3728 1208 3790 beneficentiae
1228 3731 1257 3788 ά

346 3814 576 3888 magnificentiae
592 3812 696 3885 laude,
712 3811 851 3873 labore&
866 3811 1036 3890 diligentia,
1051 3816 1163 3875 summo
1178 3833 1258 3874 amo·

346 3915 379 3960 re
403 3899 563 3980 gloriaeg&
585 3899 717 3973 Patriae,
751 3899 865 3976 ingenti
893 3901 972 3962 lama
997 3899 1259 3963 &existimatione

372 4015 380 4028 ·
1176 3985 1256 4065 apud
