2632 4650
232 268 715 372 steinenla·
987 247 1136 374 24⁹⁷

55 457 181 560 lens,
305 469 376 542 rue
412 449 586 568 denique
625 453 731 538 bene
769 453 1070 570 gubemrlrdae

56 571 416 692 Reipub’cae,1u
446 594 731 656 cononum
760 571 1052 682 u'omnrvnr,

56 687 418 786 scflouonvr'u
447 709 694 789 manvu,
722 683 1057 796 maximaSenaff

57 808 153 894 corii
190 801 479 920 Equestrisque
508 798 675 887 Ordinis
702 797 947 918 frequentia,
980 831 1051 890 nn

58 936 486 1017 tuscmrrtona
537 943 706 1007 nunu
754 943 1053 1024 ⁸nvnusurn-

60 1067 178 1140 τις,
216 1059 508 1127 svscnnno
548 1059 731 1122 suono
765 1059 1053 1125 orannnra-
1121 1089 1124 1096 -

58 1183 153 1252 un,
168 1175 389 1262 snans1,
419 1147 699 1240 huiuscemodi
713 1151 847 1242 verbis
864 1146 1054 1238 dillemit:

147 1349 319 1486 Coronae
342 1352 457 1430 regiae,
478 1348 648 1436 Amplillimi
664 1351 815 1418 Procecer!
836 1351 1055 1430 inscriptionem

230 1435 496 1516 adiectamlcgitis:
520 1451 640 1499 nnnc
664 1451 812 1498 rvrsrc
834 1451 1054 1503 ronuvna

148 1523 327 1596 eleuant.
377 1527 453 1600 Rea,
475 1536 509 1584 ut
534 1522 564 1584 id
584 1541 675 1599 genus
697 1519 754 1584 else
774 1537 909 1602 oportet,
928 1523 1056 1587 brevilli·

148 1633 223 1683 ma,
256 1611 302 1672 secl
322 1607 488 1671 reconditae
516 1609 673 1685 sapientiae
694 1609 786 1686 plene.
850 1611 964 1672 Ducere
986 1611 1056 1672 hine
1137 1657 1141 1666 .

147 1698 284 1782 potellir,
307 1709 483 1776 tanquame
496 1693 685 1770 copiollssimo
712 1693 967 1774 limpidissimoque
990 1699 1056 1757 fon·
1176 1701 1179 1708 '

148 1797 197 1855 te,
215 1783 320 1844 nedum
346 1782 381 1842 de
411 1785 488 1856 Rege
514 1779 615 1840 nostro
636 1777 745 1840 iudicia
774 1781 896 1862 quaevis
924 1785 1055 1864 praecla-

149 1869 272 1941 ritune,
292 1868 339 1928 secl
356 1869 385 1926 cic
403 1880 482 1926 certa
505 1864 634 1946 optimae
654 1863 692 1925 de
713 1865 871 1944 Republica
890 1867 951 1946 l'pci
975 1887 1057 1947 pree-

148 1954 248 2032 legit,
265 1953 423 2031 'omnisque
443 1949 590 2014 felicitati·
605 1950 739 2028 auguria.
783 1957 789 1964 '

185 2068 368 2140 ‚Meministin
391 2069 450 2128 iarn
468 2065 555 2135 toties
577 2067 731 2129 facientem
748 2067 837 2130 verba
852 2069 977 2148 Regem,
998 2090 1059 2154 quo

132 2143 206 2208 'non
222 2151 250 2206 di
289 2151 330 2205 ius
349 2165 466 2221 unquam
480 2147 596 2208 Maiestas
611 2145 730 2204 meminit
742 2147 790 2204 sese
801 2153 917 2206 Romana
935 2152 1060 2210 locurum.

149 2225 222 2298 Quo
236 2226 257 2284 il
270 2244 289 2284 o
302 2223 502 2285 admirationi·
517 2222 675 2299 plenillimo
687 2225 821 2284 onmium
830 2222 954 2298 silentio,
971 2241 1059 2303 quent
1131 2295 1134 2304 ,

150 2309 286 2370 unanimi
300 2309 472 2368 cunctorum
485 2327 553 2367 mox
568 2308 688 2367 Civium
700 2311 836 2367 consensu
846 2348 859 2389 t
868 2305 951 2369 Illius
964 2312 1060 2372 omnic

149 2395 276 2464 concio,
302 2413 336 2451 ee
358 2394 427 2451 Eius
448 2393 569 2472 quaevir
590 2390 749 2466 gracillima
771 2411 805 2450 ac
829 2391 1062 2469 luculentissima,

150 2477 207 2542 sub
228 2477 348 2538 comitia
370 2475 599 2538 eonvmtionic
614 2502 633 2548 ,·
651 2479 717 2558 (ne
740 2476 842 2558 priora
860 2479 1064 2564 memorem.)

151 2552 214 2626 init
229 2564 329 2624 audita
344 2561 460 2622 oratloi
500 2562 574 2634 Quir
589 2557 643 2620 ille
658 2573 755 2621 motus
771 2564 806 2621 or
816 2563 999 2628 ictcredibllis
1016 2586 1060 2630 ar·

153 2647 211 2710 doe
233 2649 402 2709 animorum
420 2650 532 2707 secutur
558 2643 717 2718 dicentem,
740 2647 803 2729 poli
818 2648 1062 2726 auspicatiffimam

155 2735 336 2796 Eleolionem
359 2734 419 2806 liri,
439 2732 503 2810 post
525 2732 608 2792 Paola
623 2733 688 2792 inre
708 2733 833 2792 iurando
848 2735 978 2808 firmata,
1000 2737 1063 2813 post

156 2822 332 2882 foederatae
345 2818 530 2895 Reipublicae
548 2816 704 2894 utriurque
722 2818 817 2892 gentle
836 2819 870 2879 ed
885 2822 1066 2886 Maiestatem

156 2903 311 2966 cerellum!
332 2904 450 2966 audistin
467 2902 610 2986 recentius
627 2903 822 2979 alioquentem
831 2906 909 2986 Voc,
929 2897 1066 2974 Senatum

146 2993 187 3066 ,ἁ
200 2992 362 3070 Populum,
383 2989 445 3067 post
460 2986 588 3049 diadema
605 2989 684 3050 sacro
700 2989 760 3049 ritu
781 2990 951 3068 susceptum.
1121 2985 1124 2996 '

200 3128 280 3188 llaec
296 3126 414 3198 omnic,
436 3127 464 3184 ἅ
483 3124 547 3202 iplir
574 3125 794 3186 Provinciamm
819 3127 921 3204 legetir
940 3141 985 3190 tot
999 3127 1066 3194 data
1103 3141 1105 3146 '
1216 3139 1220 3144 '

158 3213 268 3289 ellege
282 3213 437 3289 responsa,
459 3209 606 3270 eiusmodi
628 3211 751 3270 omnino
771 3215 853 3283 sunt,
874 3227 909 3274 ut
926 3215 1067 3296 quidquid

158 3300 339 3358 Graecorum
355 3297 464 3358 Curiae
484 3308 535 3356 aut
556 3295 701 3368 Exetlrac,
720 3298 766 3356 vel
788 3301 987 3361 Romanorum
1009 3306 1066 3364 Ro·
1205 3355 1216 3368 ,

158 3383 217 3444 stra
231 3384 380 3464 pulchriuc
397 3396 447 3442 aut
462 3381 644 3443 excellentius
663 3382 827 3456 audierint,
848 3384 934 3445 nobie
951 3387 1069 3464 quidem
1156 3430 1166 3434 »

159 3469 268 3528 aucliss'e
286 3470 445 3530 videamur.
487 3467 574 3527 Certe
593 3463 692 3530 nullus
708 3466 756 3528 illi
773 3467 860 3528 hodie
877 3470 909 3528 in
932 3485 993 3532 tota
1010 3476 1068 3534 Re-

134 3593 137 3598 ·
160 3549 299 3638 publica,
324 3565 375 3613 aut
398 3551 556 3634 sapientia,
586 3565 638 3612 aut
664 3553 749 3628 copia
771 3567 937 3634 ornatuque
955 3555 1070 3618 dicendi

161 3639 371 3714 comparandus
388 3639 437 3698 cst.
479 3639 513 3697 ln
529 3636 583 3697 hac
601 3654 674 3697 vero
693 3638 900 3714 inscriptione,
922 3654 955 3701 ut
975 3657 1070 3718 opue,

161 3725 321 3784 Laconicus
335 3723 395 3795 est;
416 3720 463 3782 secl
478 3724 507 3786 dc
523 3723 656 3781 omnium
670 3723 698 3782 ἅ
713 3723 829 3794 ,νοῆται
850 3721 930 3784 illam
951 3726 1071 3790 medita·

162 3810 242 3870 tloni
255 3808 407 3885 relinquit.
446 3807 512 3868 eost
527 3809 620 3866 Deum
638 3807 696 3865 ian'r
711 3810 747 3867 Ο.
763 3811 804 3868 M.
829 3809 860 3868 in
878 3811 959 3871 cuiue
980 3833 1071 3874 manu

162 3895 310 3978 latioque,
329 3896 358 3954 ot
378 3892 562 3978 Principum,
583 3894 611 3954 ἁ
635 3894 803 3968 Regnorum
820 3889 946 3980 auspicia
967 3901 1073 3962 sortes·
1124 3906 1127 3912 '

618 3973 649 4044 R
662 3995 688 4060 5
1015 4003 1074 4070 que
