2700 4654
264 245 349 321 ‚nr
548 169 960 318 ⁸*teutoniae--

303 399 538 491 ‘hunniae
571 395 800 509 Palatinus,
835 393 1073 516 Franrr‘scus
1105 397 1277 497 Saenia·

285 518 390 620 aiut,
425 521 490 607 vir
512 514 667 604 summa
745 520 914 618 avitare,
940 536 982 604 et
1006 515 1215 634 sapientia,
1243 539 1277 606 et
1330 561 1331 600 r

261 633 528 735 eruditione,
558 635 670 718 aunis
701 635 763 718 uis
784 630 955 718 feliciter
977 631 1171 752 impletis,
1198 633 1277 723 sato

282 749 482 838 concessit
541 745 748 837 suffetius
767 753 806 834 ei
820 750 862 834 in
884 747 1025 836 ordine
1049 749 1278 854 Senatorio,

281 865 449 958 Ioannes
466 861 621 970 Borclr,
652 863 821 965 consilii,
851 862 1118 982 eloquentiae,
1142 864 1278 984 dexte
1330 861 1331 950 ἷ

280 977 431 1090 titulis,
456 983 643 1082 virtutis,
681 979 774 1066 srdei
798 979 982 1068 laudibus
1003 981 1276 1080 abundantissn

275 1104 384 1189 ‘mua
442 1097 628 1198 Mortuo,
656 1094 850 1214 speciosae
868 1095 1010 1214 stirpis,
1038 1098 1275 1216 divinaeque

279 1218 439 1305 virtutis
463 1213 638 1324 homini,
675 1211 708 1302 I
732 1211 840 1302 natio
863 1211 1046 1322 Patricio,
1083 1219 1124 1302 iu
1145 1213 1276 1332 Regni

278 1331 504 1422 Pincernae
524 1329 665 1418 locum
701 1327 882 1440 ucceffit,
919 1324 1124 1420 Theudotus
1141 1330 1276 1444 ..Dzr‘t-
1330 1393 1331 1398 κ

277 1447 513 1571 detrusus,
540 1450 605 1538 vir
619 1444 816 1561 prudens,
844 1466 886 1534 et
897 1443 1080 1556 disertus,
1108 1467 1150 1536 et
1163 1451 1274 1567 impi·
1330 1445 1331 1456 '

188 1605 191 1624 ·
276 1587 368 1682 ger,
398 1589 440 1652 et
465 1561 703 1672 laboriosus,
746 1583 787 1650 et
821 1560 1085 1680 Reipublicae
1112 1567 1274 1680 peritus,

274 1709 354 1770 nec
378 1681 513 1769 minus
536 1679 695 1798 Regiae
715 1677 942 1782 Maiestati,
982 1709 1107 1796 quam
1120 1678 1274 1769 Nobili·
1330 1701 1331 1756 ?

274 1802 346 1886 tati
373 1789 560 1900 deditus,
605 1800 765 1914 utrique
786 1823 937 1912 magno
971 1795 1042 1884 ulia
1067 1799 1271 1914 probatus.

251 1943 255 1952 ’
275 1911 783 2031 SamogitiaeCathedralis
793 1911 960 2027 Castae,
987 1907 1166 2030 Micheas
1179 1907 1270 2002 Clo-

273 2026 478 2132 miasclun,
503 2027 631 2118 vividi
653 2032 695 2114 in
724 2032 803 2116 enii
833 2049 957 2144 atque
982 2025 1105 2117 eresii
1138 2032 1271 2138 animi,
1330 2061 1331 2116 t

271 2143 503 2262 multaeque
519 2164 561 2230 et
571 2143 684 2260 perse
749 2146 1020 2232 eeruditionis
1029 2143 1268 2248 adolescens,

270 2291 295 2350 a
313 2260 498 2350 Praesule
514 2259 776 2348 amantissimo
792 2258 865 2366 sui,
909 2259 1058 2350 Ioanne
1076 2261 1269 2380 Loporin·

150 2447 156 2463 ,
269 2376 370 2487 scio,
404 2375 697 2494 suffraganeus
715 2376 772 2464 est
785 2381 1051 2468 renunciatus.
1078 2375 1266 2468 Zamae·
1330 2431 1331 2456 t

155 2567 160 2578 .
270 2494 368 2600 cius,
392 2492 642 2584 cathedralis
654 2491 1162 2610 SamogitiaeCanonicus,
1178 2492 1267 2612 pril-

270 2641 346 2699 cae
366 2614 525 2727 pietatis
540 2608 689 2716 studio,
719 2630 761 2696 et
776 2639 936 2711 rerum,
963 2609 1266 2728 litterarumque

268 2749 457 2817 veterum
479 2755 621 2812 amore
644 2723 992 2842 flagrantissimus,
1030 2723 1266 2815 Linanieae
1330 2769 1331 2820 ι

266 2841 427 2934 Rulsrae
454 2839 768 2960 Suffraganeatu
794 2842 1059 2931 decorabitur.
1146 2843 1222 2936 W
1217 2844 1265 2932 is·

267 2959 468 3062 alemania,
504 2957 667 3078 sapienti
694 2964 815 3066 viro,
841 2980 882 3046 et
904 2957 1126 3048 litterarum
1153 2959 1265 3048 altio-
1330 2995 1331 3034 i

265 3105 376 3176 rum,
420 3099 461 3162 et
482 3101 620 3174 rerum
641 3079 824 3162 omniurn
848 3075 1264 3193 praestantissimarum

251 3189 441 3309 ,impense
456 3189 589 3300 dodo,
603 3189 797 3298 facundo,
824 3192 938 3284 iusto,
963 3197 1097 3307 gravi,
1119 3192 1259 3282 huma·
1330 3211 1331 3304 l

263 3311 388 3400 nitate
406 3329 650 3422 temperato,
676 3307 878 3423 religioso,
907 3309 1108 3410 modesto,
1140 3311 1260 3399 bene·

262 3423 375 3526 lico,
429 3421 580 3531 sedulo,
623 3421 821 3526 officioso,
857 3425 1059 3540 regendae
1089 3423 1262 3514 Piarutn
1330 3501 1331 3516 r

264 3539 513 3630 Scholarurn
539 3539 787 3630 Provinciae
813 3538 1000 3632 Polonae
1034 3571 1205 3650 manua,
1236 3569 1262 3630 a

262 3655 419 3752 summo
440 3656 559 3750 huius
575 3655 729 3748 ordinis
739 3657 1017 3772 moderatore,
1039 3657 1237 3750 delatum.

1058 3873 1259 3970 cauta
