2650 4656
282 281 358 348 Ἠ
494 381 497 392 ¹
562 275 573 304 ⁸
649 256 804 365 *νὴ
845 257 893 362 ἡ

231 511 238 524 ,
280 417 818 546 umnpoenensmrmere.
858 445 1160 533 nuannscnls,
1182 451 1264 524 ca·

280 553 440 632 eoviensts
451 553 727 636 Archidiaconus,
756 551 1010 648 Gnesnensrsque
1023 575 1057 624 et
1071 551 1263 626 Varmienfis

169 745 171 754 Ι
280 660 450 738 Deranus,
474 677 610 750 magnae
628 657 818 751 prudentiae
841 655 1106 750 dexteritatisque
1128 659 1194 740 vir,
1221 655 1263 728 ad

281 763 452 836 Summum
471 763 635 830 Romame
657 756 812 828 Ecclesiae
836 755 1045 842 Pontificem,
1071 757 1110 830 ad
1131 759 1268 830 Utrius-

278 885 347 954 que
364 860 491 933 siciliae
511 863 654 954 Regem,
675 861 724 934 ,ad
744 863 905 942 Venetam
926 861 1190 955 Rempublicum,
1217 859 1264 932 est

278 961 500 1060 profedurus,
527 963 668 1054 Diuique
680 965 866 1036 Auuusrr
885 983 1043 1045 mortem,
1069 964 1175 1058 Regni
1196 965 1264 1036 Or·

184 1119 186 1130 ,
279 1067 395 1138 dinum
414 1065 564 1148 nomine,
590 1067 628 1136 iis
646 1066 911 1139 denunciatum
954 1068 1262 1149 Ossoutnsorus,

278 1165 540 1242 Sandomiriensrs
563 1187 597 1238 et
610 1165 868 1240 Chmielnieensrs
888 1166 1083 1250 Praefedlus,
1112 1165 1262 1238 florentis

5 1337 7 1346 ,
148 1315 150 1320 -
277 1272 405 1354 aetatis,
419 1273 634 1366 egregiaeque
648 1270 789 1352 formae,
803 1291 837 1341 et
844 1261 1018 1366 generosae
1034 1269 1149 1340 mentis
1166 1271 1262 1340 iuve·

191 1461 196 1466 Ι
262 1376 344 1455 nis,
358 1373 445 1467 apud
466 1377 705 1445 Germanorum
719 1371 900 1456 Caesarem,
922 1373 1057 1466 eiusque
1073 1373 1262 1466 coniugem,

276 1477 511 1570 Hungarorum
525 1476 700 1571 Reginam,
728 1477 816 1548 idem
831 1473 977 1548 officium
991 1495 1025 1545 et
1037 1497 1151 1544 munus
1167 1475 1262 1548 exse·

193 1589 195 1602 '
276 1599 408 1672 quetur.
452 1581 750 1662 Lunrensurus,
775 1577 953 1650 Praefedus
967 1577 1140 1648 Territorii
1159 1577 1261 1651 Lelo-

275 1676 409 1760 viensrs,
449 1703 619 1774 germanus
645 1677 865 1751 Cracoviensrs
892 1677 1123 1750 Archidiaconi
1143 1679 1261 1764 frater,

199 1829 202 1836 ·
275 1775 461 1854 cultiffimus
482 1779 573 1864 sane,
600 1804 634 1853 et
655 1777 863 1878 sagacilliinus
883 1782 951 1864 vit,
984 1782 1083 1876 inque
1106 1783 1259 1877 gerendis

275 1884 372 1957 rebus
385 1881 572 1968 industrius,
586 1881 745 1980 Rufforum
759 1883 932 1978 Augustae,
945 1880 1063 1978 optimi
1077 1893 1111 1955 e‘t
1124 1885 1258 1964 maximi

275 1987 373 2080 Regis
386 1983 448 2056 sata
463 1984 593 2060 referet.
645 1991 928 2069 Brenrrsscrus,
949 1985 1143 2058 Czerscensrs
1161 1991 1258 2060 Prae·

273 2087 393 2186 gedlus,
417 2085 694 2184 praestantill‘rmus
709 2090 908 2172 adolescens,
935 2089 1103 2160 Gallorum
1120 2093 1258 2161 Monar-

275 2191 355 2262 ehue
371 2211 528 2286 exponet.
553 2195 839 2274 Gnnomserus,
859 2193 983 2264 Terrae
995 2190 1257 2276 Sochaceviensrs

273 2293 546 2375 Suecamerarius,
570 2295 756 2366 militarium
770 2317 878 2365 return
891 2292 949 2366 usu
962 2293 1159 2390 praeclarus,
1180 2301 1256 2384 Sep·

273 2395 441 2466 tentrionis
455 2397 586 2480 Achilli,
608 2393 643 2467 id
657 2395 720 2479 est,
744 2397 927 2468 Prullorurn
941 2397 1040 2491 Regi,
1053 2393 1255 2492 lignifieabit.

271 2489 514 2580 POTOClUS,
539 2500 730 2572 Smotri'ciae
746 2498 941 2582 Praefedrus,
969 2497 1129 2594 fulgidum
1147 2499 1254 2594 gentis

271 2597 345 2672 sune
361 2601 476 2684 decus,
500 2601 610 2673 Primo
626 2601 733 2698 Regio
748 2602 903 2673 Polonite
918 2601 1076 2696 Principi,
1093 2603 1254 2674 saxoniae

270 2701 426 2784 Eledori,
440 2721 476 2772 et
488 2703 619 2799 reliquis
626 2705 736 2802 Regiis
749 2701 940 2786 Infantibus,
954 2700 1109 2798 insrgnenr
1123 2705 1256 2790 ludium,

270 2827 371 2900 quern
388 2811 500 2877 Polona
516 2809 698 2894 Respublica
715 2831 759 2882 ex
773 2805 982 2902 Augustifflmi
996 2806 1126 2878 illorum
1139 2806 1254 2878 Patris

270 2905 399 2978 decesl'u
413 2908 517 3004 cepit,
543 2909 729 2982 solemniter
744 2909 922 2982 testabitur.

687 3030 866 3120 LXXV.

348 3161 463 3234 Ledus
478 3157 524 3232 est
544 3164 809 3248 Ponlrrsscrus,
836 3163 1041 3240 Ostr2scenlis
1061 3161 1254 3252 Praefedlus,

268 3265 397 3344 undae
410 3265 519 3336 aetttis
533 3267 791 3360 prudentiaeque
801 3268 871 3354 vir,
886 3271 944 3364 qui
957 3269 1128 3366 Hispaniae
1140 3269 1252 3340 etAn·

163 3441 165 3448 g
266 3365 367 3462 gliae,
396 3363 571 3438 Lufiraniae
589 3387 726 3466 quoque
740 3391 775 3441 et
796 3373 958 3444 Sardiniae
973 3371 1133 3468 Regibus,
1159 3373 1252 3442 Bara-

95 3476 114 3532 .’
265 3469 404 3562 viaeque
421 3471 615 3554 Ordinibus,
634 3473 731 3568 Regis
747 3471 846 3548 nostri
860 3474 987 3544 obitum
1000 3475 1140 3546 nunoiet.
1168 3474 1251 3544 Mit-

263 3587 353 3642 tetur
368 3572 481 3644 eadem
495 3573 639 3658 ratione,
661 3577 701 3646 ad
714 3577 847 3646 sueciae
860 3595 896 3664 et
908 3577 1031 3648 Daniae
1044 3583 1162 3672 Reges,
1177 3578 1250 3647 Os·

267 3685 510 3760 nnonoetus,
537 3675 674 3774 Dapifer
681 3679 805 3750 Terrae
819 3675 1031 3764 Czerseensts,
1052 3675 1187 3751 consilio
1201 3698 1250 3749 at·

264 3793 332 3872 que
351 3777 486 3872 eloquio
507 3779 644 3873 pollens.
688 3777 918 3863 Mareschtlci,
952 3781 1040 3878 apud
1060 3781 1251 3882 l’rincipem

262 3875 371 3975 legari
383 3881 573 3972 Primetem,
591 3881 720 3960 honore
732 3881 974 3982 pruditesest,
992 3884 1257 4046 ωαςιιωέιιῗῖ

711 4019 717 4033 ι
1150 4003 1191 4075 ΡΠ
