2650 4656
299 305 360 373 rao
607 247 696 338 'W’
735 245 797 334 ssi·
837 215 949 360 (Ψ
1083 373 1086 378 Ι

294 449 411 542 lentio
431 432 553 529 sasso,
597 407 888 532 Commtaduaas
911 413 1062 504 litteras
1087 415 1259 509 Pontifi-
1321 393 1322 400 Ν

292 571 349 653 cis
372 550 542 646 Maitimi
563 535 729 630 Senatui
752 523 941 622 reddidit
999 519 1165 641 Quibus
1193 560 1257 620 re.

290 677 440 768 citatis,
467 661 544 782 ipse
559 655 784 742 orationem
801 647 857 734 est
872 645 1054 735 exorsus.
1100 649 1159 738 in
1175 677 1257 766 qua

289 820 369 881 non
387 785 507 873 solum
528 773 577 858 de
592 769 730 884 Rege,
753 761 987 856 Catholicae
1011 762 1104 852 fidei
1128 765 1256 855 culto-

287 935 351 1004 re,
367 887 538 992 creando
551 883 741 982 disseruitt
782 880 845 969 sed
869 882 991 966 etiam
1010 879 1062 969 de
1085 885 1183 970 inita
1206 886 1257 971 ab

286 1009 563 1112 heterodoxis,
592 997 779 1090 adversus
793 1021 885 1084 earn
903 995 1043 1102 fidem,
1068 996 1256 1086 societate

285 1137 409 1227 verba
422 1125 538 1214 fecta
567 1138 763 1238 quantum
785 1143 835 1200 ea
857 1143 882 1202 a
904 1111 1114 1220 Christiani
1135 1119 1259 1204 animi

285 1245 407 1350 sensu,
446 1271 494 1329 ac
521 1237 717 1354 religione
742 1229 996 1338 abhorreret,
1012 1258 1019 1266 ·
1034 1229 1257 1320 ostendens.

285 1364 391 1456 Cum
404 1377 556 1446 ‘autem
584 1353 685 1439 haee
709 1347 1004 1439 commendatus
1032 1347 1261 1466 perorasset,

284 1479 462 1570 Senatus
500 1471 714 1588 Principes
750 1470 790 1552 in
812 1465 1013 1582 rnediunr
1042 1471 1261 1554 tentorium

284 1601 470 1691 coivere,
485 1591 530 1696 ἃ
547 1615 677 1702 pauca
689 1588 795 1672 inter
808 1581 845 1668 se
864 1580 1068 1686 collocuti,
1084 1581 1135 1668 ad
1149 1581 1263 1670 suum

314 1716 458 1826 uisque
480 1705 618 1791 locum
638 1699 807 1786 rediere.
879 1693 991 1782 Turn
1018 1695 1260 1816 consurgens

285 1741 626 1941 sachiepiscopus
648 1811 900 1916 Gnesnenfis,
936 1809 1111 1900 Senatus
1129 1819 1261 1904 nomi·

226 1993 230 2010 ·
283 1975 355 2046 ne,
381 1935 568 2031 Pontifici
583 1929 792 2033 Maximo,
820 1928 867 2018 ἃ
886 1925 1155 2020 commentato
1171 1961 1263 2048 gra-

285 2066 360 2148 tias
376 2060 479 2173 egit,
508 2050 618 2169 quod
641 2046 839 2137 Poioniae
864 2041 995 2134 salutis
1017 2065 1170 2134 tantam
1192 2077 1262 2136 cu·

234 2193 241 2204 “
284 2203 373 2265 ram
389 2189 587 2292 gererent.
646 2165 931 2277 naturamque
947 2185 1117 2278 pperam
1133 2161 1264 2252 Sena.

286 2318 374 2381 tum
395 2291 517 2396 dixit,
555 2305 601 2370 ut
624 2311 649 2368 a
672 2278 862 2378 consiliis,
898 2280 1144 2396 monitisque
1161 2261 1261 2386 eius,

286 2421 480 2528 paternae
494 2396 806 2492 ·benevotentiae
829 2415 952 2510 atque
973 2393 1097 2484 officii
1110 2394 1262 2514 plenis,

287 2552 341 2637 ne
355 2521 583 2610 discederet.
643 2513 741 2604 Post
761 2511 863 2598 haec
880 2511 1264 2602 Commendonusdis

287 2641 414 2742 ceffit,
438 2633 699 2755 prosequente
714 2625 837 2744 usque
854 2627 905 2714 ad
925 2657 1087 2716 currum
1103 2634 1265 2720 uuiver-

287 2757 328 2844 so
345 2757 518 2855 Senatu,
548 2771 707 2867 praeter
719 2744 947 2836 Palatinum
962 2743 1266 2834 Sandotuirien·

263 2872 390 2975 asem,
419 2873 465 2961 ὅ(
494 2869 593 2956 alios
622 2892 776 2986 paucos
806 2859 1093 2950 heterodoxos.
1151 2861 1263 2970 ,Vide

287 2987 478 3083 Gratiani
513 3005 611 3064 Virum
651 2999 780 3064 Ioannis
810 2993 964 3079 Franciscr'
1001 2977 1266 3070 commendaui

290 3107 462 3168 Cardiualia.
485 3105 556 3188 Cap.
570 3103 741 3164 vnttztx.
757 3120 786 3182 p.
797 3107 851 3179 ³⁶7
865 3133 875 3148 ·
889 3105 954 3176 369.
1070 3133 1073 3140 .
1217 3087 1219 3096 ⁴

283 3251 290 3262 ·
378 3218 602 3336 Insequenti
626 3216 690 3302 die
705 3213 827 3305 auditi
842 3207 1025 3304 Caesaris
1040 3209 1209 3330 Legati,
1238 3243 1285 3300 a*

283 3338 449 3426 'duobus
493 3333 780 3443 SenatoribuS,
837 3329 1028 3419 videlicet
1075 3325 1265 3420 Palatino

159 3504 162 3510 ·
287 3447 537 3552 Lublinenii,
553 3447 829 3539 &castellano
837 3445 1076 3557 Gedanenfi,
1092 3445 1267 3536 dedusft

286 3570 399 3668 'Vide
421 3569 680 3671 Gratianum,
718 3585 790 3662 ευρ.
805 3577 855 3643 rx.
879 3603 907 3660 p.
921 3599 986 3660 ³70·

282 3717 287 3728 ·
320 3729 348 3744 ·*
375 3685 521 3803 Legati
546 3681 733 3774 Caesaris
763 3711 1011 3801 magnopere
1045 3681 1267 3771 contende·

281 3826 402 3906 tant,
446 3826 491 3892 ut
515 3799 730 3920 Hispaniae
759 3825 924 3919 quoque
942 3797 1073 3919 Regis
1095 3798 1266 3904 Orator,

703 3947 723 3998 θ
1188 3944 1268 4004 una
