2664 4650
384 272 578 376 walins
619 285 739 370 Q*
873 253 882 264 .
983 296 1042 366 261

137 461 215 538 apud
229 461 349 528 Vicinos
364 461 530 541 xon'rnerque
545 463 693 545 Principca
713 481 895 544 cormacum,
924 468 1046 552 aliisque

138 548 383 630 praelianrillimir
401 567 433 607 ac
451 551 612 609 innumeris
632 547 749 610 dotibus
773 551 939 626 praeditur,
968 576 1046 616 com·
1119 605 1123 611 .

97 660 100 668 ¹
138 635 290 705 munitur,
311 633 504 712 omnibusque
518 637 647 717 Imperio
662 638 819 695 nccclsariis
834 639 986 698 instructus
1003 662 1045 700 ar-

60 743 63 753 ¹
139 719 238 791 tibne,
253 721 288 778 ad
304 718 408 780 solium
421 723 479 779 Rex
493 721 589 783 noller
600 721 723 794 actellir,
745 723 984 800 concordillimis‚
1004 729 1044 786 fc-

139 825 175 866 re
194 803 304 886 absque
322 806 468 881 exemplo,
497 810 589 882 gentis
612 807 721 866 liberae
741 808 845 868 animia
869 809 1045 886 vocibusque

138 891 265 962 elebius,
285 892 401 968 iamque
422 894 636 968 auspicatillime
657 893 823 954 incredibili
844 896 976 954 bmnium
990 894 1047 956 lae-

125 977 208 1038 'ritia
219 995 252 1035 ac
265 975 433 1047 celebritate
447 993 613 1041 coronatur.

186 1072 362 1134 Probatiane-
377 1067 453 1145 iam',
476 1065 599 1152 quaeso,
625 1095 677 1134 eur
700 1090 795 1134 autem
818 1097 877 1136 non
900 1078 1050 1154 probetiri

60 1197 63 1202 ,
139 1159 322 1231 Aristotelis,
344 1159 496 1242 gravillimi
518 1180 615 1220 rerum
632 1158 811 1220 Publicanum
837 1167 1049 1242 praeceptoria,

140 1244 278 1304 effattun:
298 1251 396 1303 melius
417 1249 453 1304 ali
465 1251 609 1316 §ivitatem
623 1253 680 1318 regi
701 1253 733 1303 ab
752 1254 853 1320 optimo
872 1257 945 1312 viro,
969 1270 1050 1322 quam

98 1367 101 1374 ,
140 1336 233 1402 alege
247 1337 355 1404 optima.
390 1333 478 1406 Leges
504 1333 581 1390 enim
600 1331 646 1391 vel
669 1333 813 1408 optimae,
843 1334 1049 1393 mutaeimbe·

142 1417 281 1496 cillesque
297 1421 372 1488 sunt,
395 1417 414 1474 li
434 1415 562 1489 illaruln,
584 1419 608 1476 ir
627 1419 681 1499 qui
694 1419 777 1492 regit,
801 1421 982 1498 praecipuam
1002 1439 1048 1478 cu·

142 1523 206 1563 ram
221 1503 448 1580 exequendarum
472 1523 531 1562 uon
553 1504 638 1578 gerit.
682 1505 745 1563 Nos
768 1505 833 1562 sanc
855 1504 944 1582 bonas
964 1504 1048 1564 habe·
1112 1557 1113 1564 ,

141 1607 209 1649 mur
228 1591 323 1663 leger,
348 1587 394 1647 sed
413 1589 658 1664 'quemadmodum
681 1608 730 1648 eae
749 1589 898 1666 hucusque
921 1593 1050 1650 servatae

140 1675 215 1746 ssnt,
235 1677 300 1733 l'arre
320 1684 400 1758 patet
419 1676 450 1732 in
469 1673 656 1754 Reipublicae
673 1675 753 1738 liatu,
797 1673 975 1750 Sperandum
991 1678 1049 1736 iam

142 1761 204 1832 ell‘,
222 1759 286 1819 lllar
301 1759 509 1837 deincepr'vim
527 1759 653 1820 debitam
667 1759 833 1829 habituras,
850 1781 914 1819 cunr
936 1761 971 1820 ab
994 1781 1050 1832 eo,

142 1845 197 1928 qui
208 1845 347 1906 virtutem
362 1852 477 1906 'omnem
492 1847 594 1916 animo,
604 1845 769 1920 complexus
784 1847 839 1920 est,
862 1847 967 1907 seilicet
983 1867 1049 1907 cunr

139 1931 180 1992 ab
202 1925 323 2007 optimo
343 1947 460 2007 regetur
479 1931 618 1992 Civitas„
653 1933 822 1991 Praesertim
842 1952 932 2004 vero,
956 1930 992 1992 ab
1014 1951 1050 1992 eo

124 2017 293 2093 '·Princlpe,
314 2036 373 2093 quo
395 2013 494 2077 nullue
506 2017 648 2078 maiorem
663 2019 823 2078 Patriacum
845 2019 958 2094 legum,
979 2014 1050 2078 rcli-

141 2103 258 2180 gioria,
279 2101 460 2178 officiorum,
488 2105 674 2174 momorum,
696 2104 827 2180 iudum,
851 2104 1051 2178 Iudiciorum,

141 2207 235 2272 opum
253 2189 428 2262 denirium,
457 2191 702 2266 oeconomiaeque
723 2190 872 2266 publicae,
907 2191 1050 2265 coguitio-

82 2319 87 2326 -
131 2275 324 2336 ,mulnarius
338 2276 395 2344 este
415 2277 484 2352 qui,
506 2274 584 2356 quod
603 2277 789 2352 praecipuum
812 2275 935 2336 liudiunr
957 2273 1051 2334 bono·

77 2411 84 2422 ,
119 2407 122 2415 .
140 2379 212 2432 rum
228 2361 341 2432 Regum
355 2360 411 2428 cll,
433 2363 569 2440 personae
587 2361 691 2426 etiarn,
711 2377 743 2417 ae
757 2356 946 2418 nobilitatem.
958 2377 1051 2440 prope

80 2485 84 2493 ι
141 2445 320 2516 universam,
332 2445 512 2503 familiarum
528 2442 908 2525 neeellitucliner&vincula‚
920 2445 1051 2502 indolem
1081 2523 1083 2526 v

80 2571 84 2578 ·
141 2530 347 2612 &promerita
366 2528 547 2606 ungulorum
569 2531 631 2590 fere
646 2529 772 2605 civium,
789 2529 821 2589 in
837 2543 989 2590 numerato
1003 2529 1052 2588 ha·

140 2613 366 2680 bere'videtur.¹
424 2617 425 2622 ’

140 2727 144 2734 ·
187 2700 492 2778 Merebituriteque,
512 2699 672 2762 merebitur
694 2708 882 2780 nancsqoam
905 2699 975 2754 iullu
998 2701 1052 2754 lor-

142 2801 213 2850 tum
230 2799 347 2858 mereri,
365 2789 538 2861 scarorum,
563 2787 615 2862 qui
636 2784 803 2862 acl‘optinre
820 2783 991 2846 merendum
1018 2783 1057 2844 de.

124 2877 262 2950 Patria,
287 2894 403 2952 ριπιι,
423 2872 503 2948 quod
520 2871 667 2955 principio
682 2865 805 2930 diximus
815 2912 825 2942 ,
841 2869 969 2946 Imperio
990 2869 1055 2928 ani-

108 2987 126 3022 ·.
145 2982 247 3034 mum,
268 2963 450 3039 virtutesque
464 2959 567 3034 Regiae
582 2958 640 3016 iarn
654 2955 738 3016 nobie
751 2955 887 3024 omnibus
902 2957 933 3014 in
947 2973 983 3014 eo
994 2956 1055 3035 spe·

114 3095 117 3102 ,
142 3049 270 3124 uniar,
287 3047 456 3126 cuntiitque
474 3044 651 3120 trutiffimar,
688 3041 777 3114 velut⁵
791 3043 972 3101 certissimum
996 3041 1056 3124 spei

147 3134 280 3212 publicae
294 3135 397 3210 pignus
411 3133 505 3190 secum
520 3131 550 3188 in
559 3129 687 3210 'ljbrono
697 3128 863 3212 collocavit.
907 3129 995 3188 Genti
1007 3130 1054 3188 cia

146 3221 264 3280 nostrae
281 3217 406 3290 obtulit,
431 3215 497 3276 luco
516 3217 681 3291 ingentium
695 3213 813 3276 illorum
835 3215 1087 3295 promillorump.
1131 3217 1133 3221 ’

148 3307 411 3374 ueteranorum,
432 3321 507 3380 quoa
521 3303 609 3363 exteri
625 3302 770 3384 Principes
784 3301 869 3360 toties
884 3298 985 3368 nobie,
998 3318 1056 3376 am7

148 3389 278 3474 pliilirnie
292 3391 407 3472 quidem
425 3387 540 3460 verbine
561 3407 592 3446 re
606 3388 667 3468 ipsa
681 3407 848 3463 nunquam,
869 3385 1009 3444 ostentare
1024 3402 1057 3440 ac

149 3477 257 3538 oll'e'rre
279 3473 418 3537 solebant.
462 3477 525 3535 Hae
546 3475 611 3534 sunt
626 3491 726 3543 verae,
749 3473 891 3552 quasllcx
906 3469 1004 3534 noster
1017 3470 1057 3527 se·

148 3583 235 3634 cunr,
249 3561 340 3623 vnobie
361 3559 482 3626 donavit
502 3578 589 3636 oper,
610 3557 697 3630 longe
719 3559 806 3631 Cyri,
825 3553 941 3624 Crocli,
962 3555 990 3610 ἀ
1009 3555 1059 3612 At·

87 3685 89 3692 ·
149 3648 406 3730 taliciepotiotet.
458 3645 541 3717 Hae,
568 3663 631 3718 pro
644 3662 699 3713 eo,
729 3643 850 3702 lanciius
873 3639 989 3710 Patriae
1005 3658 1057 3695 no-

106 3782 110 3790 .
149 3737 225 3796 lirae
239 3733 398 3811 spondent,
418 3727 502 3790 illum
516 3727 665 3799 diadema,
688 3728 765 3808 quod
783 3731 862 3786 sacro
882 3726 944 3787 eiua
960 3722 1059 3805 Capiti

111 3859 115 3872 .
149 3820 316 3898 inpositum
336 3818 394 3892 eii,
421 3817 520 3900 quoad
541 3815 728 3893 regnaverit,
750 3821 793 3877 ut‘
805 3813 862 3876 iam
880 3824 963 3874 curat
970 3857 982 3888 ,
999 3828 1059 3871 me·

147 3909 209 3974 reri
225 3919 404 3970 curaturam.
458 3943 463 3953 ·
543 3908 548 3914 “

593 3962 701 4066 53-
753 4030 755 4039 ·
826 4078 828 4082 Ι
890 3983 1058 4044 ,Conferte
1125 3955 1128 3960 ¹
